
@misc{PrecisionRectifier,
author = {{elprocus}},
title = {Precision Rectifier using LT1078},
url = {https://www.elprocus.com/precision-rectifier-using-lt1078/},
year = {2013}
}

@misc{PrecisionRectifierSaturation,
author = {{circuitlab}},
title = {Precision rectifiers explained},
url = {https://www.circuitlib.com/index.php/lessons/94-precision-rectifiers},
year = {2019}
}

@misc{PrecisionRectifierFullwave,
author = {{analogzoo}},
title = {Op Amp Recovery and Slew Rates},
url = {http://www.analogzoo.com/2014/12/op-amp-recovery-and-slew-rates/},
year = {2014}
}

@misc{CapacitorDischarge,
author = {{learningaboutelectronics}},
title = {Capacitor Discharge Equation},
url = {http://www.learningaboutelectronics.com/Articles/ Capacitor-Discharge-Equation},
year = {2014}
}

@MANUAL{TLC2272:2016,
  organization  = "Texas Instruments",
  title         = "Advanced LinCMOS Rail-to-Rail Operational Amplifiers",
  howpublished	= "TLC2272 Datasheet",
  month		= March,
  year		= 2016, 
}

@MANUAL{1N4007:2014,
  organization  = "Fairchild",
  title         = "1N4001-1N4007 General Purpose Rectifiers",
  howpublished	= "1N4007 Datasheet",
  month		= November,
  year		= 2014, 
}

@INPROCEEDINGS{Neaman:2018, 
author={D. {Neaman}}, 
booktitle={Microelectronics: Circuit (ITSC 2013)}, 
title={{Microelectronics}}, 
year={2013}, 
volume={}, 
number={}, 
pages={767-772}, 
doi={10.1109/ITSC.2013.6728324}, 
ISSN={2153-0009}, 
month={Oct},}

@misc{NonInvertingOpAmp,
author = {{electronics-tutorials}},
title = {Non-inverting Operational Amplifier},
url = {https://www.electronics-tutorials.ws/opamp/opamp\_3.html},
year = {2018}
}

@misc{OpAmpComparator,
author = {{electronics-tutorials}},
title = {Op-amp Comparator},
url = { https://www.electronics-tutorials.ws/opamp/op-amp-comparator.html },
year = {2018}
}

@misc{XORGate,
author = {{logicly}},
title = {XOR Gate},
url = {https://logic.ly/lessons/xor-gate/},
year = {2008}
}

@misc{PWMref,
author = {{allaboutcircuits}},
title = {Turn Your PWM into a DAC},
url = {https://www.allaboutcircuits.com/technical-articles/turn-your-pwm- into-a-dac/},
year = {2016}
}

@misc{ZeroCrossingDetector,
author = {{Elliott Sound Products}},
title = {Zero Crossing Detectors and Comparators},
url = {http://sound-au.com/appnotes/an005.htm},
year = {2011}
}

@MANUAL{CD4070B:2003,
  organization  = "Texas Instruments",
  title         = "CD4070B, CD4077B CMOS Quad Exclusive-OR and Exclusive-NOR Gate",
  howpublished	= "CD4070B Datasheet",
  month		= September,
  year		= 2003, 
}