@article{Gerber:2019,
title = {{Combining grid-tied PV and intelligent water heater control to reduce the energy costs at schools in South Africa}},
journal = "Energy for Sustainable Development",
volume = "50",
pages = "117 - 125",
year = "2019",
issn = "0973-0826",
doi = "https://doi.org/10.1016/j.esd.2019.03.004",
author = "S. Gerber and A. J. Rix and M. J. Booysen",
}

@MANUAL{reg78L05:2002,
  organization  = "Fairchild Semiconductor",
  title         = "3-Terminal 0.1 A Positive Voltage Regulator",
  howpublished	= "MC78LXXA Datasheet",
  month		= May,
  year		= 2002, 
}

@MANUAL{lm2593:2013,
  organization  = "Texas Instruments",
  title         = "LM2595 SIMPLE SWITCHER",
  howpublished	= "MC78LXXA Datasheet",
  month		= April,
  year		= 2013, 
}

@MANUAL{1n4007:2011,
  organization  = "Vishay",
  title         = "General Purpose Plastic Rectifier",
  howpublished	= "1N4007 Datasheet",
  month		= February,
  year		= 2011, 
}

@INPROCEEDINGS{Neaman:2018, 
author={D. {Neaman}}, 
booktitle={Microelectronics: Circuit (ITSC 2013)}, 
title={{Informal public transport in Sub-Saharan Africa as a vessel for novel Intelligent Transport Systems}}, 
year={2013}, 
volume={}, 
number={}, 
pages={767-772}, 
doi={10.1109/ITSC.2013.6728324}, 
ISSN={2153-0009}, 
month={Oct},}

@INPROCEEDINGS{Gao:2015, 
author={D. W. {Gao}}, 
booktitle={Energy Storage for Sustainable Microgrid}, 
title={{Chapter 3 - Interfacing Between an ESS and a Microgrid}}, 
year={2015}, 
volume={}, 
number={}, 
pages={79-121}, 
ISBN={978-0-12-803374-6}, 
month={Jan},}

@misc{WebsiteFlyback,
author = {{Ravi}},
title = {What is a Flyback Diode?},
url = {https://www.electronicshub.org/flyback-diode-or-freewheeling-diode/},
year = {2019}
}

@misc{WebsiteChargePump,
author = {Bill Schweber},
title = {What is a charge pump and why is it useful? (Part 2)},
url = {https://www.powerelectronictips.com/charge-pump-useful-part-2/},
year = {2017}
}

@misc{Perold:2019,
  title		= "Topic: Heat Sink Notes",
  author	= "W. Perold",
  howpublished	= "Class Lecture",
  organization  = "Department of Electrical and Electronic Engineering, Stellenbosch University",
  year		= 2019,
}