
@MANUAL{reg78L05:2002,
  organization  = "Fairchild Semiconductor",
  title         = "3-Terminal 0.1 A Positive Voltage Regulator",
  howpublished	= "MC78LXXA Datasheet",
  month		= May,
  year		= 2002, 
}

@MANUAL{lm2593:2013,
  organization  = "Texas Instruments",
  title         = "LM2595 SIMPLE SWITCHER",
  howpublished	= "MC78LXXA Datasheet",
  month		= 3,
  year		= 2013, 
}

@MANUAL{1n4007:2011,
  organization  = "Vishay",
  title         = "General Purpose Plastic Rectifier",
  howpublished	= "1N4007 Datasheet",
  month		= 2,
  year		= 2011, 
}

@INPROCEEDINGS{Neaman:2018, 
author={D. {Neaman}}, 
booktitle={Microelectronics: Circuit (ITSC 2013)}, 
title={{Microelectronics}}, 
year={2013}, 
volume={}, 
number={}, 
pages={767-772}, 
doi={10.1109/ITSC.2013.6728324}, 
ISSN={2153-0009}, 
month={Oct},}

@INPROCEEDINGS{Gao:2015, 
author={D. W. {Gao}}, 
booktitle={Energy Storage for Sustainable Microgrid}, 
title={{Chapter 3 - Interfacing Between an ESS and a Microgrid}}, 
year={2015}, 
volume={}, 
number={}, 
pages={79-121}, 
ISBN={978-0-12-803374-6}, 
month={Jan},}

@misc{WebsiteFlyback,
author = {{Ravi}},
title = {What is a Flyback Diode?},
url = {https://www.electronicshub.org/flyback-diode-or-freewheeling-diode/},
year = {2019}
}

@misc{WebsiteChargePump,
author = {Bill Schweber},
title = {What is a charge pump and why is it useful? (Part 2)},
url = {https://www.powerelectronictips.com/charge-pump-useful-part-2/},
year = {2017}
}

@misc{Perold:2019,
  title		= "Topic: Heat Sink Notes",
  author	= "W. Perold",
  howpublished	= "Class Lecture",
  organization  = "Department of Electrical and Electronic Engineering, Stellenbosch University",
  year		= 2019,
}

@misc{PrecisionRectifier,
author = {{elprocus}},
title = {Precision Rectifier using LT1078},
url = {https://www.elprocus.com/precision-rectifier-using-lt1078/},
year = {2013}
}

@misc{PrecisionRectifierSaturation,
author = {{circuitlab}},
title = {Precision rectifiers explained},
url = {https://www.circuitlib.com/index.php/lessons/94-precision-rectifiers},
year = {2019}
}

@misc{PrecisionRectifierFullwave,
author = {{analogzoo}},
title = {Op Amp Recovery and Slew Rates},
url = {http://www.analogzoo.com/2014/12/op-amp-recovery-and-slew-rates/},
year = {2014}
}

@misc{CapacitorDischarge,
author = {{learningaboutelectronics}},
title = {Capacitor Discharge Equation},
url = {http://www.learningaboutelectronics.com/Articles/Capacitor -Discharge-Equation},
year = {2014}
}

@MANUAL{TLC2272:2016,
  organization  = "Texas Instruments",
  title         = "Advanced LinCMOS Rail-to-Rail Operational Amplifiers",
  howpublished	= "TLC2272 Datasheet",
  month		= 3,
  year		= 2016, 
}

@MANUAL{1N4007:2014,
  organization  = "Fairchild",
  title         = "1N4001-1N4007 General Purpose Rectifiers",
  howpublished	= "1N4007 Datasheet",
  month		= 11,
  year		= 2014, 
}

@misc{NonInvertingOpAmp,
author = {{electronics-tutorials}},
title = {Non-inverting Operational Amplifier},
url = {https://www.electronics-tutorials.ws/opamp/opamp\_3.html},
year = {2018}
}

@misc{OpAmpComparator,
author = {{electronics-tutorials}},
title = {Op-amp Comparator},
url = { https://www.electronics-tutorials.ws/opamp/op-amp-comparator.html },
year = {2018}
}

@misc{XORGate,
author = {{logicly}},
title = {XOR Gate},
url = {https://logic.ly/lessons/xor-gate/},
year = {2008}
}

@misc{PWMref,
author = {{allaboutcircuits}},
title = {Turn Your PWM into a DAC},
url = {https://www.allaboutcircuits.com/technical-articles/turn-your-pwm -into-a-dac/},
year = {2016}
}

@misc{ZeroCrossingDetector,
author = {{Elliott Sound Products}},
title = {Zero Crossing Detectors and Comparators},
url = {http://sound-au.com/appnotes/an005.htm},
year = {2011}
}

@MANUAL{CD4070B:2003,
  organization  = "Texas Instruments",
  title         = "CD4070B, CD4077B CMOS Quad Exclusive-OR and Exclusive-NOR Gate",
  howpublished	= "CD4070B Datasheet",
  month		= 9,
  year		= 2003, 
}

@misc{OptoCouplers,
author = {{Elprocus}},
title = {Opto Couplers - Types \& Applications},
url = {https://www.elprocus.com/opto-couplers-types-applications/},
year = {2019}
}

@misc{NPNSRlatch,
author = {{Hobby Projects}},
title = {A Transistor RS Flip Flop Tutorial},
url = {https://www.hobbyprojects.com/flip$\_$flop/a$\_$transistor$\_$RS$\_$flip$\_$Flop.html},
year = {2011}
}

@MANUAL{2N3904:2003,
  organization  = "ONSEMI",
  title         = "2N3903, 2N3904 General Purpose Transistors",
  howpublished	= "2N3904 Datasheet",
  month		= 8,
  year		= 2003, 
}

@MANUAL{MOC3020:2000,
  organization  = "Fairchild Semiconductor",
  title         = "6-Pin DIP Random-Phase Optoisolaters Triac Driver Output",
  howpublished	= "MOC3020 Datasheet",
  month		= 1,
  year		= 2000, 
}

@MANUAL{BZW06:2016,
  organization  = "Transil",
  title         = "BZW06 Datasheet",
  howpublished	= "BZW06 Datasheet",
  month		= 4,
  year		= 2017, 
}

@misc{zenerboi,
author = {{Mike Cook}},
title = {Protection},
url = {http://www.thebox.myzen.co.uk/Tutorial/Protection.html},
year = {2009}
}